@ONLINE{BetSysWeb,
	author = {Peleska, Jan},
	title = {Betriebssysteme},
	subtitle = {Wintersemester 2013/2014},
	url = {http://www.informatik.uni-bremen.de/agbs/lehre/ws1314/bs1/},
	urldate = {2015-01-26}
}